<?xml version="1.0" encoding="UTF-8"?><collection><record><leader>04456ntm a2200469 a 4500</leader><controlfield tag="001">011740838</controlfield><controlfield tag="003">MiAaHDL</controlfield><controlfield tag="005">20190719000000.0</controlfield><controlfield tag="006">m        d        </controlfield><controlfield tag="007">cr bn ---auaua</controlfield><controlfield tag="008">120917q07800799xx            00| ||ara d</controlfield><datafield tag="035" ind1=" " ind2=" "><subfield code="a">(MiU)011740838</subfield></datafield><datafield tag="035" ind1=" " ind2=" "><subfield code="a">sdr-miu011740838</subfield></datafield><datafield tag="040" ind1=" " ind2=" "><subfield code="a">MiU</subfield><subfield code="c">MiU</subfield><subfield code="e">amremm</subfield></datafield><datafield tag="043" ind1=" " ind2=" "><subfield code="a">n-us-mi</subfield></datafield><datafield tag="130" ind1="0" ind2=" "><subfield code="6">880-01</subfield><subfield code="a">Qurʼan</subfield></datafield><datafield tag="245" ind1="1" ind2="3"><subfield code="6">880-03</subfield><subfield code="a">[al-Qurʼān,</subfield><subfield code="f">late 8th century?].</subfield></datafield><datafield tag="260" ind1=" " ind2=" "><subfield code="c">[780-799?].</subfield></datafield><datafield tag="300" ind1=" " ind2=" "><subfield code="a">1 leaf :</subfield><subfield code="b">parchment ;</subfield><subfield code="c">167 x 225 (135 x 180) mm.</subfield></datafield><datafield tag="500" ind1=" " ind2=" "><subfield code="a">Shelfmark: Ann Arbor, University of Michigan, Special Collections Library, Isl. Ms. 1048</subfield></datafield><datafield tag="500" ind1=" " ind2=" "><subfield code="a">Origin: Likely late 8th century on paleographical grounds as proposed by Déroche (compare cat.11, p.58 in Déroche, The Abbasid tradition, Nasser D. Khalili collection of Islamic art, v.1). Yasser Tabbaa has suggested a dating of 9th century on paleographical grounds along with the caveat that the tinting raises the possibility of 10th century Fatimid dating (see cat. no. 203, p.154 in The Beginning of understanding: writing in the ancient world, c1991).</subfield></datafield><datafield tag="500" ind1=" " ind2=" "><subfield code="a">Former shelfmark: Kelsey 64.2.3 (km1964.2.3)</subfield></datafield><datafield tag="500" ind1=" " ind2=" "><subfield code="a">Support: Parchment dyed a deep orange or salmon color ; recto is flesh side.</subfield></datafield><datafield tag="500" ind1=" " ind2=" "><subfield code="a">Decoration: Three oblique strokes one above the other (Déroche style 1.1.1) mark verse divisions ; circles in white (roundels of Déroche style 1.D.I) mark ten verses (on verso four additional circles or annuli also appear with the central circle) ; alif in white with contrasting outline marks five verses.</subfield></datafield><datafield tag="500" ind1=" " ind2=" "><subfield code="a">Script: Kufic or Early ʻAbbāsid script of Déroche style C.Ib (see George, The Rise of Islamic calligraphy, p.152 and Déroche, Les manuscrits du coran, p.40) ; short vowels provided in the form of white discs ; short strokes inserted at the end of certain lines to lengthen them (see Déroche, Les manuscrits du coran, p.21 and Whelan, Writing the word of God, p.114 and note 15).</subfield></datafield><datafield tag="500" ind1=" " ind2=" "><subfield code="a">Layout: Written in 16 lines per page.</subfield></datafield><datafield tag="500" ind1=" " ind2=" "><subfield code="a">Collation: Single leaf.</subfield></datafield><datafield tag="500" ind1=" " ind2=" "><subfield code="a">Title supplied by cataloguer.</subfield></datafield><datafield tag="500" ind1=" " ind2=" "><subfield code="a">Ms. fragment.</subfield></datafield><datafield tag="505" ind1="0" ind2=" "><subfield code="a">(verso) Sūrat Hūd (11) middle of verse 94 through end of verse 103 (11:94-103)</subfield></datafield><datafield tag="505" ind1="0" ind2=" "><subfield code="a">(recto) Sūrat Hūd (11) middle of verse 88 through middle of verse 94 (11:88-94)</subfield></datafield><datafield tag="510" ind1="4" ind2=" "><subfield code="a">Whelan, Estelle. "Writing the word of God: some early Qurʾān manuscripts and their milieux, part I." Ars Orientalis 20, (1990):</subfield><subfield code="c">113-147</subfield></datafield><datafield tag="510" ind1="4" ind2=" "><subfield code="a">George, Alain. The Rise of Islamic calligraphy. London: Saqi, 2010.</subfield></datafield><datafield tag="510" ind1="4" ind2=" "><subfield code="a">Déroche, François. The Abbasid tradition : Qurʼans of the 8th to the 10th centuries AD. The Nasser D. Khalili collection of Islamic art, v. 1. New York : Nour Foundation in association with Azimuth Editions and Oxford University Press, c1992.</subfield></datafield><datafield tag="510" ind1="4" ind2=" "><subfield code="a">Déroche, François. Les manuscrits du coran. Aux origines de la calligraphie coranique. Catalogue des manuscrits arabes. Deuxième partie: manuscrits musulmans, Tome I, 1. Paris: Bibliothèque Nationale, 1983.</subfield></datafield><datafield tag="510" ind1="4" ind2=" "><subfield code="a">Tabbaa, Yasser. "The Art of writing: calligraphy in the Islamic world." In The Beginning of understanding: writing in the ancient world. Marti Lu Allen and T. Keith Dix, eds. (Ann Arbor : Kelsey Museum of Archaeology, University of Michigan, c1991):</subfield><subfield code="c">43-45 ; 154-155 (cat. no. 203)</subfield></datafield><datafield tag="520" ind1=" " ind2=" "><subfield code="a">Fragment from an early ʻAbbāsid Qurʼān on parchment dyed orange-red (compare cat.11, p.58 in Déroche, The Abbasid tradition, Nasser D. Khalili collection of Islamic art, v.1 and Metropolitan Museum of Art accession nos. 40.164.1a and 40.164.1b) carrying Sūrat Hūd (11) verses 88 through 103 (11:88-11:103).</subfield></datafield><datafield tag="538" ind1=" " ind2=" "><subfield code="a">Mode of access: Internet.</subfield></datafield><datafield tag="541" ind1=" " ind2=" "><subfield code="a">Gift of Dr. Alexander Grant Ruthven (1882-1971) who served as the Unversity of Michigan’s seventh president from 1929 to 1951 ; purchased in Egypt by his son Peter and presented to the Kelsey Museum 22 October 1964. Transferred to the Rare Book Room from the Kelsey Museum.</subfield></datafield><datafield tag="546" ind1=" " ind2=" "><subfield code="a">Arabic.</subfield></datafield><datafield tag="561" ind1=" " ind2=" "><subfield code="a">Gift of Dr. Alexander Grant Ruthven (1882-1971) who served as the Unversity of Michigan’s seventh president from 1929 to 1951 ; purchased in Egypt by his son Peter and presented to the Kelsey Museum in 1964.</subfield></datafield><datafield tag="650" ind1=" " ind2="0"><subfield code="a">Manuscripts, Arabic</subfield><subfield code="z">Michigan</subfield><subfield code="z">Ann Arbor.</subfield></datafield><datafield tag="700" ind1="1" ind2=" "><subfield code="a">Ruthven, Alexander Grant,</subfield><subfield code="d">1882-1971,</subfield><subfield code="e">former owner.</subfield></datafield><datafield tag="880" ind1="1" ind2="2"><subfield code="6">245-03/</subfield><subfield code="a">[القرآن،</subfield><subfield code="f">اواخر القرن 8م؟].</subfield></datafield><datafield tag="880" ind1="0" ind2=" "><subfield code="6">130-01/</subfield><subfield code="a">قرآن.</subfield></datafield><datafield tag="CID" ind1=" " ind2=" "><subfield code="a">011740838</subfield></datafield><datafield tag="DAT" ind1="0" ind2=" "><subfield code="a">20190719102642.0</subfield><subfield code="b">20190719000000.0</subfield></datafield><datafield tag="DAT" ind1="1" ind2=" "><subfield code="a">20190719090653.0</subfield><subfield code="b">2019-07-19T16:10:23Z</subfield></datafield><datafield tag="DAT" ind1="2" ind2=" "><subfield code="a">2015-10-02T18:00:03Z</subfield></datafield><datafield tag="CAT" ind1=" " ind2=" "><subfield code="a">SDR-MIU</subfield><subfield code="d">EX LIBRIS - ALEPH</subfield><subfield code="l">prepare.pl-004-008</subfield></datafield><datafield tag="FMT" ind1=" " ind2=" "><subfield code="a">BK</subfield></datafield><datafield tag="HOL" ind1=" " ind2=" "><subfield code="0">sdr-miu011740838</subfield><subfield code="a">MiU</subfield><subfield code="b">SDR</subfield><subfield code="c">MIU</subfield><subfield code="p">mdp.39015079132786</subfield><subfield code="s">MIU</subfield><subfield code="1">011740838</subfield></datafield><datafield tag="974" ind1=" " ind2=" "><subfield code="b">MIU</subfield><subfield code="c">MIU</subfield><subfield code="d">20190719</subfield><subfield code="s">lit-dlps-dc</subfield><subfield code="u">mdp.39015079132786</subfield><subfield code="y">0799</subfield><subfield code="r">pd</subfield><subfield code="q">bib</subfield><subfield code="t">non-US bib date2 &lt; 1879</subfield></datafield></record></collection>